<record><leader>01899nam a2200481oi 4500</leader><controlfield tag="001">6813539</controlfield><controlfield tag="003">CaONFJC</controlfield><controlfield tag="005">20150302110649.0</controlfield><controlfield tag="006">m        d        </controlfield><controlfield tag="007">cr||n|||||||||</controlfield><controlfield tag="008">150224s2015    enk     ob    001 0 eng d</controlfield><datafield ind1=" " ind2=" " tag="020"><subfield code="a">9781317906650</subfield><subfield code="q">electronic bk.</subfield></datafield><datafield ind1=" " ind2=" " tag="020"><subfield code="a">1317906659</subfield><subfield code="q">electronic bk.</subfield></datafield><datafield ind1=" " ind2=" " tag="020"><subfield code="a">9780415624695</subfield></datafield><datafield ind1=" " ind2=" " tag="020"><subfield code="a">9781336012950 (MyiLibrary)</subfield></datafield><datafield ind1=" " ind2=" " tag="037"><subfield code="a">732577</subfield><subfield code="b">MIL</subfield></datafield><datafield ind1=" " ind2=" " tag="039"><subfield code="a">exclude</subfield></datafield><datafield ind1=" " ind2=" " tag="040"><subfield code="a">CaONFJC</subfield><subfield code="c">CaONFJC</subfield><subfield code="e">rda</subfield><subfield code="d">AEU</subfield></datafield><datafield ind1=" " ind2="4" tag="050"><subfield code="a">HD62.4</subfield></datafield><datafield ind1=" " ind2="7" tag="072"><subfield code="a">BUS</subfield><subfield code="x">082000</subfield><subfield code="2">bisacsh</subfield></datafield><datafield ind1=" " ind2="7" tag="072"><subfield code="a">BUS</subfield><subfield code="x">041000</subfield><subfield code="2">bisacsh</subfield></datafield><datafield ind1=" " ind2="7" tag="072"><subfield code="a">BUS</subfield><subfield code="x">042000</subfield><subfield code="2">bisacsh</subfield></datafield><datafield ind1=" " ind2="7" tag="072"><subfield code="a">BUS</subfield><subfield code="x">085000</subfield><subfield code="2">bisacsh</subfield></datafield><datafield ind1="0" ind2="4" tag="082"><subfield code="a">658/.049</subfield><subfield code="2">23</subfield></datafield><datafield ind1=" " ind2=" " tag="090"><subfield code="a">Internet Access</subfield><subfield code="b">AEGMCT</subfield></datafield><datafield ind1=" " ind2=" " tag="091"><subfield code="a">DO NOT ADD TO THIS RECORD - PSA PROJECT</subfield></datafield><datafield ind1="0" ind2="0" tag="245"><subfield code="a">International business strategy</subfield><subfield code="h">[electronic resource] :</subfield><subfield code="b">theory and practice /</subfield><subfield code="c">edited by Peter J. Buckley and Pervez N. Ghauri.</subfield></datafield><datafield ind1=" " ind2="1" tag="264"><subfield code="a">Milton Park, Abingdon, Oxon ;</subfield><subfield code="a">New York, NY :</subfield><subfield code="b">Routledge,</subfield><subfield code="c">2015.</subfield></datafield><datafield ind1=" " ind2=" " tag="300"><subfield code="a">1 online resource.</subfield></datafield><datafield ind1=" " ind2=" " tag="336"><subfield code="a">text</subfield><subfield code="b">txt</subfield><subfield code="2">rdacontent</subfield></datafield><datafield ind1=" " ind2=" " tag="337"><subfield code="a">computer</subfield><subfield code="b">c</subfield><subfield code="2">rdamedia</subfield></datafield><datafield ind1=" " ind2=" " tag="338"><subfield code="a">online resource</subfield><subfield code="b">cr</subfield><subfield code="2">rdacarrier</subfield></datafield><datafield ind1=" " ind2=" " tag="504"><subfield code="a">Includes bibliographical references and index.</subfield></datafield><datafield ind1=" " ind2=" " tag="506"><subfield code="a">Access restricted to authorized users and institutions.</subfield></datafield><datafield ind1=" " ind2=" " tag="588"><subfield code="a">Description based on print version record.</subfield></datafield><datafield ind1=" " ind2=" " tag="596"><subfield code="a">57</subfield></datafield><datafield ind1=" " ind2="0" tag="650"><subfield code="a">International business enterprises</subfield><subfield code="x">Management</subfield><subfield code="v">Cross-cultural studies</subfield><subfield code="v">Case studies.</subfield></datafield><datafield ind1=" " ind2="0" tag="650"><subfield code="a">International trade</subfield><subfield code="v">Case studies.</subfield></datafield><datafield ind1="1" ind2=" " tag="700"><subfield code="a">Buckley, Peter J.,</subfield><subfield code="d">1949-</subfield><subfield code="e">editor.</subfield></datafield><datafield ind1="1" ind2=" " tag="700"><subfield code="a">Ghauri, Pervez N.,</subfield><subfield code="d">1948-</subfield><subfield code="e">editor.</subfield></datafield><datafield ind1="4" ind2="0" tag="856"><subfield code="3">MacEwan University Access</subfield><subfield code="u">http://lib.myilibrary.com/detail.asp?ID=732577</subfield><subfield code="z">(Single User Access)</subfield></datafield><datafield ind1=" " ind2=" " tag="949"><subfield code="w">ORDER</subfield><subfield code="h">UAIN</subfield><subfield code="m">GR_MAC_INT</subfield><subfield code="z">MILGMPSA</subfield></datafield><datafield ind1=" " ind2=" " tag="926"><subfield code="a">Internet Access</subfield><subfield code="w">ORDER</subfield><subfield code="c">1</subfield><subfield code="i">6813539-1001</subfield><subfield code="l">INTERNET</subfield><subfield code="m">GR_MAC_INT</subfield><subfield code="r">Y</subfield><subfield code="s">Y</subfield><subfield code="t">E-RESOURCE</subfield><subfield code="u">3/2/2015</subfield><subfield code="x">E-BOOK</subfield><subfield code="z">MILGMPSA</subfield></datafield></record>